@article{bush45,
  author    = {Vannevar Bush},
  title     = {As we may think},
  journal   = {Atlantic Monthly},
  pages     = {101-108},
  volume    = {176},
  number    = {1},
  year      = {1945},
} 
@article{dieberger97,
  author    = {Dieberger, Andreas},
  journal   = {International Journal of Human-Computer Studies},
  title     = {Supporting Social Navigation on the World Wide Web},
  pages     = {805--825},
  volume    = {46},
  number    = {6},
  month     = {June},
  year      = {1997}
}

@inproceedings{dieberger00,
  author    = {Andreas Dieberger and Peter Lonnqvist},
  booktitle = {HYPERTEXT '00: Proceedings of the eleventh ACM on Hypertext
               and hypermedia},
  title     = {Visualizing Interaction History on a Collaborative Web Server},
  pages     = {220-221},
  publisher = {ACM Press},
  address   = {New York, USA},
  year      = {2000}
}

@inproceedings{dourish94,
  author    = {Dourish, Paul and Chalmers, Matthew},
  booktitle = {People and computers IX: Proceedings of HCI '94},
  title     = {Running Out of Space: Models of Information Navigation},
  publisher = {Cambridge University Press},
  address   = {Cambridge, UK},
  year      = {1994},
} 

@unpublished{golder05,
  author    = {Golder, Scott and Huberman, Bernardo  A.},
  title     = {The Structure of Collaborative Tagging Systems},
  note      = {Unpublished. Retrieved May 20, 2007, from
               http://arxiv.org/abs/cs.DL/0508082}
  month     = {August},
  year      = {2005}
}

@inproceedings{hill92,
  author    = {Hill, William  C.  and Hollan, James  D. and Wroblewski, Dave
               and Mccandless, Tim},
  booktitle = {CHI '92: Proceedings of the SIGCHI conference on Human
               factors in computing systems},
  title     = {Edit wear and read wear},
  pages     = {3--9},
  publisher = {ACM Press},
  address   = {New York, USA},
  year      = {1992}
}

@article{hill94,
  author    = {Hill, William  C. and Hollan, Jim D.},
  journal   = {The Information Society},
  title     = {History-Enriched Digital Objects},
  pages     = {139--145},
  volume    = {10},
  number    = {2},
  year      = {1994}
}

@misc{ohalloran07,
  author    = {John O'Halloran},
  title     = {Web 2.0 Show Podcast: Trailfire},
  note      = {Retrieved June 2, 2007, from
               http://www.web20show.com/articles/2007/03/16/web-2-0-show-episode-33-trailfire},
  month     = {March},
  year      = {2007}
}

@misc{places07,
  author    = {Places Team},
  title     = {Mozilla DevNews: Bookmarks on Places now enabled for Firefox 3
               alpha 5},
  note      = {Retrieved June 2, 2007, from
               http://developer.mozilla.org/devnews/index.php/2007/05/23/bookmarks-on-places-now-enabled-for-firefox-3-alpha-5},
  month     = {May},
  year      = {2007}
}

@inproceedings{wexelblat99,
  author    = {Wexelblat, Alan and Maes, Pattie},
  booktitle = {CHI '99: Proceedings of the SIGCHI conference
               on Human factors in computing systems},
  title     = {Footprints: History-Rich Tools for Information Foraging},
  pages     = {270--277},
  publisher = {ACM Press},
  address   = {New York, USA},
  year      = {1999}
}
