@article{bush45,
  author    = {Vannevar Bush},
  title     = {As we may think},
  journal   = {Atlantic Monthly},
  pages     = {101-108},
  volume    = {176},
  number    = {1},
  year      = {1945},
} 
@article{dieberger97,
  author    = {Dieberger, Andreas},
  journal   = {International Journal of Human-Computer Studies},
  title     = {Supporting Social Navigation on the World Wide Web},
  pages     = {805--825},
  volume    = {46},
  number    = {6},
  month     = {June},
  year      = {1997}
}

@inproceedings{dieberger00,
  author    = {Dieberger, Andreas and Lonnqvist, Peter},
  booktitle = {HYPERTEXT '00: Proceedings of the eleventh ACM on Hypertext
               and hypermedia},
  title     = {Visualizing Interaction History on a Collaborative Web Server},
  pages     = {220-221},
  publisher = {ACM Press},
  address   = {New York, USA},
  year      = {2000}
}

@inproceedings{dourish94,
  author    = {Dourish, Paul and Chalmers, Matthew},
  booktitle = {People and computers IX: Proceedings of HCI '94},
  title     = {Running Out of Space: Models of Information Navigation},
  publisher = {Cambridge University Press},
  address   = {Cambridge, UK},
  year      = {1994},
} 

@article{golder06,
  author    = {Golder, Scott A. and Huberman, Bernardo  A.},
  journal   = {Journal of Information Science},
  title     = {Usage patterns of collaborative tagging systems},
  pages     = {198--208},
  volume    = {32},
  number    = {2},
  month     = {April},
  year      = {2006}
}

@inproceedings{hill92,
  author    = {Hill, William  C.  and Hollan, James  D. and Wroblewski, Dave
               and Mccandless, Tim},
  booktitle = {CHI '92: Proceedings of the SIGCHI conference on Human
               factors in computing systems},
  title     = {Edit wear and read wear},
  pages     = {3--9},
  publisher = {ACM Press},
  address   = {New York, USA},
  year      = {1992}
}

@article{hill94,
  author    = {Hill, William  C. and Hollan, Jim D.},
  journal   = {The Information Society},
  title     = {History-Enriched Digital Objects},
  pages     = {139--145},
  volume    = {10},
  number    = {2},
  year      = {1994}
}

@book{morville06,
  author       = {Morville, Peter and Rosenfeld, Louis},
  title        = {Information Architecture for the World Wide Web:
                  Designing Large-Scale Web Sites},
  edition      = {third},
  publisher    = {{O'Reilly Media}},
  address      = {Sebastopol, CA, USA},
  year         = {2006},
  month        = {November},
}

@misc{oreilly05,
  author    = {O'Reilly, Tim},
  title     = {What Is Web 2.0: Design Patterns and Business Models for
               the Next Generation of Software},
  note      = {Retrieved October 12, 2007, from
               \url{http://www.oreillynet.com/lpt/a/6228}},
  month     = {September},
  year      = {2005}
}

@misc{oreilly07,
  author    = {O'Reilly, Tim},
  journal   = {O'Reilly Radar},
  title     = {Today's Web 3.0 Nonsense Blogstorm},
  note      = {Retrieved October 12, 2007, from
               \url{http://radar.oreilly.com/archives/2007/10/web_30_semantic_web_web_20.html}},
  month     = {October},
  year      = {2007}
}

@inproceedings{wexelblat99,
  author    = {Wexelblat, Alan and Maes, Pattie},
  booktitle = {CHI '99: Proceedings of the SIGCHI conference
               on Human factors in computing systems},
  title     = {Footprints: History-Rich Tools for Information Foraging},
  pages     = {270--277},
  publisher = {ACM Press},
  address   = {New York, USA},
  year      = {1999}
}
